@article{data1,
  title={SentiRuEval-2016: преодоление временных различий и разреженности данных для задачи анализа репутации по сообщениям Твиттера},
  author={Лукашевич, Наталья and Рубцова, Юлия},
  year={2016},
  journal={International Conference "Dialogue 2016"},
}
@article{general1,
  title={BERT: Pre-training of Deep Bidirectional Transformers for Language Understanding},
  author={Devlin, Jacob and Chang, Ming-Wei and Lee, Kenton and Toutanova, Kristina},
  year={2018},
  journal={arXiv},
}
@article{general2,
  title={a survey on GPT-3},
  author={Zong, Mingyu and Krishnamachari, Bhaskar},
  year={2022},
  journal={arXiv},
}
@article{general3,
  title={DistilBERT, a distilled version of BERT: smaller, faster, cheaper and lighter},
  author={Sanhб Victor and Debut, Lysandre and Chaumond, Julien and Wolf, Thomas},
  year={2019},
  journal={NeurIPS},
}
@article{general4,
  title={word2vec Parameter Learning Explained},
  author={Rong, Xin},
  year={2014},
  journal={arXiv},
}
@article{adversarialgenerating1,
  title={TextBugger: Generating Adversarial Text Against Real-world Applications.},
  author={Jinfeng, Li and Shouling, Ji and Tianyu, Du and Bo, Li},
  year={2019},
  journal={NDSS},
}
@article{adversarialgenerating2,
  title={Post-hoc Interpretability for Neural NLP: A Survey.},
  author={Madsen, A. and Reddy, S. and Chandar, S.},
  year={2023},
  journal={ACM},
}
@article{adversarialgenerating3,
  title={Adversarial Attacks on Language Models: WordPiece Filtration and ChatGPT Synonyms},
  author={Ter-Hovhannisyan, T. and Aleksanyan, H. and Avetisyan, K.},
  year={2023},
  journal={Investigations on applied mathematics and informatics},
  pages = {80--95}
}
@article{adversarialgenerating4,
  title={Attention is all you need.},
  author={Vaswani, A. and Shazeer, N.M. and Parmar, N. and Uszkoreit, J. and Jones, L. and Gomez, A.N. and Kaiser, L. and Polosukhin, I.},
  year={2017},
  journal={NIPS},
}
@article{adversarialgenerating5,
  title={ONION: A simple and effective defense against textual backdoor attacks},
  author={Qi, F. and Chen, Y. and Li, M. and Liu, Z. and Sun, M.},
  year={2021},
  journal={EMNLP},
}
@article{adversarialgenerating6,
  title={RAP: Robustness-aware perturbations for defending against backdoor attacks on NLP models},
  author={Yang, W. and Lin, Y. and Li, P. and Zhou, J. and Sun, X.},
  year={2021},
  journal={EMNLP},
}
@article{adversarialgenerating7,
  title={Is BERT Really Robust? A Strong Baseline for Natural Language Attack on Text Classification and Entailment.},
  author={Jin, D. and Jin, Z. and Zhou, J.T. and Szolovits, P.},
  year={2020},
  journal={Proceedings of the AAAI Conference on Artificial Intelligence},
}
@article{adversarialgenerating8,
  title={Generating Natural Language Adversarial Examples.},
  author={Alzantot, M. and Sharma, Y. and Elgohary, A. and Ho, B.J.},
  year={2018},
  journal={EMNLP},
}

%%%%%%%%%%%%%%%%%%%%%%%%%%%%%%%%%%%%%%%%%%%%%%%%%%%%%%%%%%%%%%%

@article{optimization1,
  title={SHAP values for Explaining CNN-based Text Classification.},
  author={Zhao, Wei and Joshi, Tarun and Vijayan Nair, N. and Sudjianto, A.},
  year={2020},
  journal={arXiv},
}
@article{optimization2,
  title={A Unified Approach to Interpreting Model Predictions.},
  author={Scott, M. and Su-In, Lee},
  year={2017},
  journal={NIPS},
}
@article{optimization3,
  title={Axiomatic Attribution for Deep Networks.},
  author={Sundararajan, Mukund and Taly, Ankur and Yan, Qiqi},
  year={2017},
  journal={34th International Conference on Machine Learning},
}
@article{optimization4,
  title={Why Should I Trust You? Explaining the Predictions of Any Classifier.},
  author={Tulio Ribeiro, Marco and Singh, Sameer and Guestrin, Carlos},
  year={2016},
  journal={22nd ACM SIGKDD International Conference on Knowledge Discovery and Data Mining}
}
@article{optimization5,
  title={Explaining How Transformers Use Context to Build Predictions.},
  author={Ferrando, Javier and Gerard Gallego, I. and Tsiamas1, Ioannis and Marta, R.},
  year={2023},
  journal={ACL},
}
@article{optimization6,
  title={Measuring the Mixing of Contextual Information in the Transformer.},
  author={Ferrando, Javier and Gerard Gallego, I. and Tsiamas1, Ioannis and Marta, R.},
  year={2022},
  journal={EMNLP},
}
@article{optimization7,
  title={Why Attentions May Not Be Interpretable?},
  author={Bai, Bing and Liang, Jian and Zhang, Guanhua and Bai, Kun and Wang, Fei},
  year={2021},
  journal={27th ACM SIGKDD International Conference on Knowledge Discovery and Data Mining},
  pages = {25--34}
}
